%% This BibTeX bibliography file was created using BibDesk.
%% http://bibdesk.sourceforge.net/


%% Created for Amninder Singh Narota at 2014-05-08 22:43:00 -0400 


%% Saved with string encoding Unicode (UTF-8) 



@misc{wolfram_mt,
	Author = {Wolfram Alpha},
	Date-Added = {2014-05-09 02:41:50 +0000},
	Date-Modified = {2014-05-09 02:42:58 +0000},
	Rating = {5},
	Read = {1},
	Title = {Statistical Performance of Mersenne Twister MT19937}}

@article{diffie,
	Author = {E. Rescorla RTFM Inc.},
	Date-Added = {2014-05-08 22:37:45 +0000},
	Date-Modified = {2014-05-08 22:39:16 +0000},
	Journal = {The Internet Society},
	Title = {Diffie-Hellman Key Agreement Method},
	Year = {1999}}

@misc{sieve_complexity,
	Author = {Princeton Univeristy},
	Date-Added = {2014-05-08 17:51:42 +0000},
	Date-Modified = {2014-05-08 17:52:08 +0000},
	Title = {Sieve of Eratosthenes}}

@misc{eratos,
	Author = {University of Tennessee},
	Date-Added = {2014-05-08 17:44:28 +0000},
	Date-Modified = {2014-05-08 17:45:12 +0000},
	Read = {1},
	Title = {Sieve of Eratosthenes}}

@misc{MTpseudocode,
	Author = {Wikipedia},
	Date-Added = {2014-05-05 05:18:12 pm +0000},
	Date-Modified = {2014-05-05 05:18:34 pm +0000},
	Howpublished = {\url{http://en.wikipedia.org/wiki/Mersenne_twister#Algorithmic_detail}},
	Read = {1},
	Title = {Mersenne Twister: Pseudocode}}

@article{MT19937,
	Acmid = {272995},
	Address = {New York, NY, USA},
	Author = {Matsumoto, Makoto and Nishimura, Takuji},
	Date-Modified = {2014-05-02 08:47:00 pm +0000},
	Doi = {10.1145/272991.272995},
	Issn = {1049-3301},
	Issue_Date = {Jan. 1998},
	Journal = {ACM Trans. Model. Comput. Simul.},
	Keywords = {k-distribution, m-sequences, GFSR, MT19937, Mersenne primes, Mersenne twister, TGFSR, finite fields, incomplete array, inversive-decimation method, multiple-recursive matrix method, primitive polynomials, random number generation, tempering},
	Month = jan,
	Number = {1},
	Numpages = {28},
	Pages = {3--30},
	Publisher = {ACM},
	Title = {Mersenne Twister: A 623-dimensionally Equidistributed Uniform Pseudo-random Number Generator},
	Url = {http://doi.acm.org/10.1145/272991.272995},
	Volume = {8},
	Year = {1998},
	Bdsk-Url-1 = {http://doi.acm.org/10.1145/272991.272995},
	Bdsk-Url-2 = {http://dx.doi.org/10.1145/272991.272995}}

@article{miller-rabin,
	Author = {Bobby Kleinberg},
	Date-Added = {2014-05-02 08:30:52 pm +0000},
	Date-Modified = {2014-05-02 08:37:29 pm +0000},
	Journal = {The Miller-Rabin Randomized Primality Test},
	Keywords = {Miller-Rabin},
	Lastchecked = {May-05-2014},
	Month = {05},
	Rating = {5},
	Read = {1},
	Title = {Introduction to Algorithms (CS 482)},
	Url = {http://www.cs.cornell.edu/courses/cs4820/2010sp/handouts/MillerRabin.pdf},
	Year = {2010},
	Bdsk-Url-1 = {http://www.cs.cornell.edu/courses/cs4820/2010sp/handouts/MillerRabin.pdf}}

@article{karatsuba,
	Author = {A. Karatsuba and Yu. Ofman},
	Date-Modified = {2014-05-05 02:05:44 pm +0000},
	Journal = {Proceedings of USSR Academy of Sciences},
	Number = {7},
	Numpages = {1},
	Pages = {293--294},
	Rating = {5},
	Read = {1},
	Title = {Multiplication of Many-Digital Numbers by Automatic Computers},
	Volume = {145},
	Year = {1962}}

@inproceedings{mrea,
	Author = {Dhakar, R.S. and Gupta, A.K. and Sharma, P.},
	Booktitle = {Advanced Computing Communication Technologies (ACCT), 2012 Second International Conference on},
	Date-Modified = {2014-05-05 03:17:38 pm +0000},
	Doi = {10.1109/ACCT.2012.74},
	Keywords = {mathematical analysis;private key cryptography;public key cryptography;MREA;RSA cryptosystem;additive homomorphic properties;asymmetric key cryptography;brute force attack;decisional composite residuosity assumptions;decryption;factoring problem;intractability hypothesis;mathematical attack;mathematical problems;modified RSA encryption algorithm;private keys;public-key cryptography algorithm;Additives;Algorithm design and analysis;Encryption;Public key cryptography;Encryption;Homomorphic;Private key;Public key;RSA;Security},
	Month = {Jan},
	Pages = {426-429},
	Title = {Modified RSA Encryption Algorithm (MREA)},
	Year = {2012},
	Bdsk-Url-1 = {http://dx.doi.org/10.1109/ACCT.2012.74}}

@inproceedings{6021216,
	Author = {Xin Zhou and Xiaofei Tang},
	Booktitle = {Strategic Technology (IFOST), 2011 6th International Forum on},
	Doi = {10.1109/IFOST.2011.6021216},
	Keywords = {cryptography;RSA algorithm;authentication;cryptographic technique;decryption;digital signature;encryption;information confidentiality;information integrity;information security;secret sub-storage;system security;Algorithm design and analysis;Cryptography;RSA algorithm;decryption;encryption},
	Month = {Aug},
	Pages = {1118-1121},
	Title = {Research and implementation of RSA algorithm for encryption and decryption},
	Volume = {2},
	Year = {2011},
	Bdsk-Url-1 = {http://dx.doi.org/10.1109/IFOST.2011.6021216}}

@inproceedings{securersa,
	Author = {Rajan. S. Jamgekar and Geeta Shantanu Joshi},
	Booktitle = {International Journal of Emergine Science and Engineering},
	Date-Modified = {2014-05-05 21:15:53 +0000},
	Month = {February},
	Pages = {426-429},
	Title = {File encryption and decryption using secure rsa},
	Year = {2013},
	Bdsk-Url-1 = {http://dx.doi.org/10.1109/ACCT.2012.74}}

@inproceedings{elgamal,
	Author = {Kaibin Huang and Raylin Tso},
	Booktitle = {Information Security and Intelligence Control (ISIC), 2012 International Conference on},
	Date-Modified = {2014-05-08 22:13:37 +0000},
	Doi = {10.1109/ISIC.2012.6449730},
	Keywords = {public key cryptography;ElGamal encryption;ciphertext;commutative encryption scheme;database integration;decryption;public key;random oracle model;reencryption process;secret sharing;Cloud computing;Databases;Encryption;Games;Public key;Commutative Encryption;Diffie-Hellman Key Exchange;ElGamal Encryption;Random Oracle Model},
	Month = {Aug},
	Pages = {156-159},
	Title = {A commutative encryption scheme based on ElGamal encryption},
	Year = {2012},
	Bdsk-Url-1 = {http://dx.doi.org/10.1109/ISIC.2012.6449730}}

@article{dss,
	Author = {US Department of Commerce},
	Date-Added = {2014-05-08 22:23:17 +0000},
	Date-Modified = {2014-05-08 22:25:06 +0000},
	Journal = {Federal Information Processing Standard Publications},
	Month = {January},
	Pages = {186-2},
	Title = {Digital Signature Standard},
	Year = {2000}}

@article{karatsuba_multiplication,
	Author = {GIOVANNI CESARI and ROMAN MAEDER},
	Date-Modified = {2014-05-09 01:59:25 +0000},
	Doi = {http://dx.doi.org/10.1006/jsco.1996.0026},
	Issn = {0747-7171},
	Journal = {Journal of Symbolic Computation},
	Number = {4--6},
	Pages = {467 - 473},
	Title = {Performance Analysis of the Parallel Karatsuba Multiplication Algorithm for Distributed Memory Architectures},
	Url = {http://www.sciencedirect.com/science/article/pii/S0747717196900267},
	Volume = {21},
	Year = {1996},
	Bdsk-Url-1 = {http://www.sciencedirect.com/science/article/pii/S0747717196900267},
	Bdsk-Url-2 = {http://dx.doi.org/10.1006/jsco.1996.0026}}
